@article{nptmajewska2009,
	author = {Majewska, E.},
	title = {Por{\'o}wnanie wybranych w{\l}a{\'s}ciwo{\'s}ci miod{\'o}w pszczelich jasnych i ciemnych},
	journal = {Wydawnictwo Uniwersytetu Przyrodniczego w Poznaniu},
    volume  = {3},
	year = {2009}
}

@article{jasicka,
	author = {Jasicka-Misiak, I. and Kafarski, P.},
	title = {Chemical markers of unifloral honeys},
	journal = {Wiadomo{\'s}ci chemiczne},
    volume  = {65(9-10)},
	year = {2011}
}

@misc{anyz,
    title = {{PubChem Open Chemistry Database}},
    note = {Has{\l}o: ,,4-Methoxybenzaldehyde''; Dost''ep: 10.01.2016r.},
    howpublished={\url{https://pubchem.ncbi.nlm.nih.gov/compound/31244}}
}

@misc{pinen,
    title = {{PubChem Open Chemistry Database}},
    note = {Has{\l}o: ,,beta-pinen''; Dost''ep: 10.01.2016r.},
    howpublished={\url{https://pubchem.ncbi.nlm.nih.gov/compound/beta-pinene}}
}

@misc{2-metylo,
    title = {{PubChem Open Chemistry Database}},
    note = {Has{\l}o: ''2-methylobutanal''; Dost''ep: 10.01.2016r.},
    howpublished={\url{https://pubchem.ncbi.nlm.nih.gov/compound/6556}}
}

@book{zakszpit16,
    author = {Bulanda, M. and W(\'o)jkowska-Mach, J.},
    title = {Zakazenia szpitalne w jednostkach opieki zdrowotnej}, 
    publisher = {PZWL},
    year      = {2016}
}

@book{ps_aer_ksiazka,
    author = {Mizerski, W. and Bednarczuk, B. and Kawalec, M.},
    title = {S{\l}ownik bakterii ciekawych, pozytecznych, gro{\'z}nych}, 
    publisher = {Adamantan},
    year      = {2008}
}

@book{medical_micro,
    author = {Iglewski, B. H.},
    title = {Medical Microbiology. 4th edition}, 
    publisher = {University of Texas Medical Branch, Department of Microbiology},
    year      = {1996}
}

@article{pio,
	author = {Hassan, H. M. and Fridovich, I.},
	title = {Mechanism of the antibiotic action pyocyanine},
	journal = {Journal od Bacteriology},
  volume  = {141(1)},
	year = {1980}
}

@misc{pio2,
    title = {{Pyocyanin from \emph{Pseudomonas aeruginosa}}},
    note = {Has{\l}o: ,,Pyocyanin''; Dost''ep: 10.07.2017r.},
    howpublished={\url{http://www.sigmaaldrich.com/catalog/product/sigma/p0046?lang=pl&region=PL}}
}

@misc{fluor,
    title = {{Fluorescein}},
    note = {Dost''ep: 10.07.2017r.},
    howpublished={\url{https://pubchem.ncbi.nlm.nih.gov/compound/16850#section=Top}}
}

@misc{tax_cedrina,
    title = {Taxonomy - \emph{Pseudomonas cedrina}},
    note = {Dost''ep: 10.07.2017r.},
    howpublished={\url{http://www.uniprot.org/taxonomy/651740}}
}

@article{cedrina,
	author = {Behrendt, U. and Urlich, A. i wsp.},
	title = {\emph{Pseudomonas cedrina subsp. fulgida subsp. nov.}, a fluorescent bacterium isolated from the phyllosphere of grasses; emended description of \emph{Pseudomonas cedrina and description of Pseudomonas cedrina subsp. cedrina subsp. nov.}},
	journal = {International Journal of Systematic and Evolutionary Microbiology},
  volume  = {59, s.1331-1335},
	year = {2009}
}

@article{kolwzan,
	author = {Ko{\l}wzan, B.},
	title = {Analiza zjawiska biofilmu â€“ warunki jego powstawania i funkcjonowania},
	journal = {Ochrona {\'S}rodowiska},
  volume  = {33(3)},
	year = {2011}
}

@article{shi,
	author = { Shi, X. and Zhu, X.},
	title = {Biofilm formation and food safetly in food industries},
	journal = {Trends in Food Science and Technology},
  volume  = {20, s.407-413},
	year = {2009}
}

@book{Lawless,
    author = {Lawless L.},
    title = {The encyclopedia of essential oils: the complite guideto the use of aromatic oils in aromatheraphy, hebalism, health and well-being}, 
    publisher = {Thorsons},
    year      = {2002}
}

@article{Stankowska,
	author = { Sta{\'n}kowska, D. and Kaca, W.},
	title = {Systemy komunikacji mi{''e}dzykom{\'o}rkowej bakterii Gram-ujemnych i ich znaczenie w ekspresji cech fenotypowych},
	journal = {Post{''e}py mikrobiologii},
    volume  = {44, s.99-11},
	year = {2005}
}

@article{czaczyk-myszka,
	author = { Czaczyk, K. and Myszka, K.},
	title = {Mechanizmy warunkuj\k{a}ce oporno{\'s}{\'c} biofilm{\'o}w bakteryjnych na czynniki antymikrobiologiczne},
	journal = {Post{''e}py mikrobiologii},
   volume  = {44, s.99-11},
	year = {2005}
}

@article{wiercinska,
	author = {Wiercinska, O. and inni},
	title = {Significance of efflux pumps in multidrug resistance of Gram-negative bacteria},
	journal = {MED. DO{\'S}W. MIKROBIOL},
    volume  = {67, s.55-62},
	year = {2015}
}

@article{wasaznik,
	author = {Wasaznik, A. and Grinholc, M. and Bielawski, K. P.},
	title = {Active effl ux as the multidrug resistance mechanism},
	journal = {Post{''e}py Hig Med Dosw},
    volume  = {63, s.123-133},
	year = {2009}
}

@book{leginowicz,
    author = {Traczewska, M. and inni},
    title = {Interdyscyplinarne zagadnienia w inzynierii i ochronie {\'s}rodowiska}, 
    publisher = {Oficyna Wydawnicza Politechniki Wroc(\l)awskiej},
    year      = {2012}
}

@article{kolodynski,
    author = {Ko{\l}odynski, J. and Jankowski, S.},
    title = {The Systems of Intercellular Communication in Bacteria}, 
	journal = {Adv Clin Exp Med},
	volume  = {14(2)},
    year      = {2005}
}

@misc{salek,
	author = {Sa{\l}ek, A.},
	title = {Powstawanie biofilmu w warunkach przemys{\l}owych},
	howpublished={\url{http://www.international-bio-consulting.com/pdf/BIOFILM%20-%20Part%201.pdf}}
}

@misc{smith,
    title = {{\emph{Pseudomonas aeruginosa quorum sensing as a potential antimicrobial target}}},
    note = {Dost{''e}p: 10.07.2017r.},
    howpublished={\url{https://www.ncbi.nlm.nih.gov/pmc/articles/PMC259138/}}
}

@misc{pollena,
    title = {Najcenniejsze olejki eteryczne},
    note = {Dost''ep: 10.07.2017r.},
    howpublished={\url{http://pollenaaroma.com.pl/wp-content/uploads/2015/04/Beauty-Forum-12-2013-Najcenniejsze-olejki-eteryczne.pdf}}
}

@misc{pollena_a,
    title = {Olejek Anyzowy},
    note = {Dost''ep: 10.07.2017r.},
    howpublished={\url{http://www.drbeta.pl/olejek-anyzowy.html}}
}

@misc{pollena_c,
    title = {Olejek Cynamonowy},
    note = {Dost''ep: 10.07.2017r.},
    howpublished={\url{http://www.drbeta.pl/olejek-cynamonowy-z-kory.html}}
}


@misc{pollena_d,
    title = {Olejek Drzewa Herbacianego},
    note = {Dost''ep: 10.07.2017r.},
    howpublished={\url{http://www.drbeta.pl/olejek-drzewa-herbacianego.html}}
}

@misc{pollena_k,
    title = {Olejek Kanuka},
    note = {Dost''ep: 10.07.2017r.},
    howpublished={\url{http://www.drbeta.pl/olejek-kanuka.html}}
}


@misc{pollena_ma,
    title = {Olejek Manuka},
    note = {Dost''ep: 10.07.2017r.},
    howpublished={\url{http://www.drbeta.pl/olejek-manuka.html}}
}

@misc{pollena_mi,
    title = {Olejek Miety pieprzowej},
    note = {Dost''ep: 10.07.2017r.},
    howpublished={\url{http://www.drbeta.pl/olejek-miety-pieprzowej.html}}
}

@misc{pollena_y,
    title = {Olejek Ylangowy},
    note = {Dost''ep: 10.07.2017r.},
    howpublished={\url{http://www.drbeta.pl/olejek-ylangowy.html}}
}

@article{membrane,
	author = {Mashburn, L. M. and Whiteley, M.},
	title = {Membrane vesicles traffic signals and facilitate group activities in a prokaryote},
	journal = {Nature},
    volume  = {437(7057)},
	year = {2005},
}

@article{kedzia_ylang,
	author = {{K{''e}dzia, A.}},
	title = {Dzia{\l}anie olejku ylangowego na bakterie beztlenowe w obrebie zakazen jamy ustnej},
	journal = {Post{''e}py Filoterapii},
    volume  = {1, s.15-19},
	year = {2008},
}

@article{hammer,
	author = {Hammer, K. and Carson, C. and Riley, T.},
	title = {Antimicrobial activity of essential oils and other plant extracts},
	journal = {J Appl Microbiol},
    volume  = {86(985)},
	year = {1999},
}

@book{lis,
    author = {Lis, A.},
    title = {Najcenniejsze olejki eteryczne cz.2}, 
    publisher = {Wydawnictwo Politechniki {\L}{\'o}dzkiej},
    year      = {2013}
}

@book{brud1992,
    author = {Brud, W.S. and Konopacka, I.},
    title = {Pachn{''a}ca apteka}, 
    publisher = {Comes},
    year      = {1992}
}

@book{brud2001,
    author = {Brud, W.S. and Konopacka, I.},
    title = {Pachn{''a}ca apteka}, 
    publisher = {Pagina},
    year      = {2001}
}

@book{ruminska,
    author = {Rumi{''n}ska, A. and Ozarowski A.},
    title = {Leksykon roslin leczniczych}, 
    publisher = {PWRiL},
    year      = {1980}
}


@book{gorailis,
    author = {G{'o}ra, J. and Lis, A.},
    title = {Najcenniejsze olejki eteryczne cz.1}, 
    publisher = {Wydawnictwo Politechniki {\L}{\'o}dzkiej},
    year      = {2012}
}

@article{kedzia2012,
	author = {K{''e}dzia, A},
	title = {Aktywno{\'s}{\'c} olejku cynamonowego (\textit{Oleum Cinnamoni}) wobec bakterii beztlenowych},
	journal = {Post{''e}py Filoterapii},
    volume  = {2(67-1)},
	year = {2012},
}

@article{manukaikanuka,
	author = {Gniewosz, M. and Stobnicka, A. and Adamska, E.},
	title = {Por{\'o}wnanie dzia{\l}ania przeciwdrobnoustrojowego olejk{\'o}w eterycznych manuka (\emph{Leptospermum scoparium}) i kanuka (\emph{Kunzea ericoides})},
	journal = {Bromatologia i Chemia Toksykologiczna},
  volume  = {XLV(3)},
	year = {2012}
}

@article{kedzia,
	author = {K{''e}dzia, B. and Ho{\l}derna-K{''e}dzia, E.},
	title = {Wyst{''e}powanie zwi\k{a}zk{\'o}w fenolowych 
w miodzie pszczelim.},
	journal = {Post{''e}py Fitoterapii},
    volume  = {4},
	year = {2008},
}

@article{ameryka,
	author = {Gheldof, N. and Engeseth, N.J.},
	title = {Antioxidant capacity of honeys from various floral sources based on the determination of oxygen radical absorbance capacity and inhibition of in vitro lipoprotein oxidation in human serum samples.},
	journal = {J Agric Food Chem},
    volume  = {50},
	year = {2002},
}

@article{usuwanie,
	author = {{Myszka, K. and Czaczyk, K.}},
	title = {etody usuwania biofilm(\'o)w bakteryjnych z powierzchni sta(\l)ych},
	journal = {Przemys(\l) Spozywczy},
    volume  = {2, s.18-21},
	year = {2007},
}

@article{myszka,
	author = {Myszka, K. and Bia{\l}as, W. and Czaczyk, K.},
	title = {Kinetyka tworzenia biofilm{\'o}w bakteryjnych na materia{\l}ach technicznych w zalezno{\'s}ci od dost{"e}pno{\'s}ci sk{\l}adnik{\'o}w odzywczych},
	journal = {Zywno{\'s}{\'c}. Nauka. Technologia. Jako{\'s}{\'c}, },
    volume  = {61(3)},
	year = {2011}
}

@article{czaczyk,
	author = {Czaczyk, K. and Myszka, K.},
	title = {Bacterial Biofilms on Food Contact Surfaces â€“ a Review},
	journal = {Polish Journal of Food and Nutrition Sciences},
    volume  = {61(3)},
	year = {2011}
}

@article{mukowiscydoza,
	author = {Sadowska i inni, B.},
	title = {Cystic fibrosis. Biofilms involved in pulmonary infections},
	journal = {Forum Zakaze(\'n)},
    volume  = {4(2)},
	year = {2013}
}

@article{moczowy,
	author = {Ostrowska i inni, K.},
	title = {Biofilm bakteryjny jako przyczyna zakaze(â€˜n) uk(\l)adu moczowego â€“ mikroorganizmy patogenne, metody prewencji i eradykacji},
	journal = {Postepy Hig Med Dosw (online)},
    volume  = {67, s.1027-1033},
	year = {2013}
}